<?xml version="1.0" encoding="UTF-8"?>
<collection xmlns:xsi="http://www.w3.org/2001/XMLSchema-instance" xsi:schemaLocation="http://www.loc.gov/MARC21/slim http://www.loc.gov/standards/marcxml/schema/MARC21slim.xsd" xmlns="http://www.loc.gov/MARC21/slim">
<record>
  <leader>01131cam a2200265 a 4500</leader>
  <controlfield tag="001">3068280</controlfield>
  <controlfield tag="003">NNC</controlfield>
  <controlfield tag="005">20140502132105.0</controlfield>
  <controlfield tag="008">910319q19001930ua            000 0 araod</controlfield>
  <datafield tag="035" ind1=" " ind2=" ">
    <subfield code="a">(OCoLC)ocm23265539</subfield>
  </datafield>
  <datafield tag="035" ind1=" " ind2=" ">
    <subfield code="9">ATP0726CU</subfield>
  </datafield>
  <datafield tag="035" ind1=" " ind2=" ">
    <subfield code="a">(NNC)3068280</subfield>
  </datafield>
  <datafield tag="035" ind1=" " ind2=" ">
    <subfield code="a">3068280</subfield>
  </datafield>
  <datafield tag="040" ind1=" " ind2=" ">
    <subfield code="a">CLE</subfield>
    <subfield code="c">CLE</subfield>
    <subfield code="d">ZCU</subfield>
  </datafield>
  <datafield tag="099" ind1=" " ind2=" ">
    <subfield code="a">893.79</subfield>
    <subfield code="a">Am51</subfield>
  </datafield>
  <datafield tag="100" ind1="1" ind2=" ">
    <subfield code="a">Āmidī, al-Ḥasan ibn Bishr,</subfield>
    <subfield code="d">-981 or 982.</subfield>
  </datafield>
  <datafield tag="245" ind1="1" ind2="0">
    <subfield code="a">Kitāb al-muwāzanah bayna Abī Tammām wa-al-Buḥturī /</subfield>
    <subfield code="c">li-Abī al-Qāsim al-Ḥasan ibn Bishr ibn Yaḥyá al-Āmidī.</subfield>
  </datafield>
  <datafield tag="260" ind1=" " ind2=" ">
    <subfield code="a">Miṣr,</subfield>
    <subfield code="b">Muḥammad ʻAlī Ṣabīḥ wa-Awlāduh,</subfield>
    <subfield code="c">[1900-1930]</subfield>
  </datafield>
  <datafield tag="300" ind1=" " ind2=" ">
    <subfield code="a">208 p. ;</subfield>
    <subfield code="c">23 cm.</subfield>
  </datafield>
  <datafield tag="500" ind1=" " ind2=" ">
    <subfield code="a">"ʻAn nuskhah jalīlah bi-khaṭṭ-- ʻAbd al-Karīm ibn Aḥmad ibn Idrīs al-Ṣafadī bi-tārīkh shahr Ṣafar min sanat 1129."</subfield>
  </datafield>
  <datafield tag="600" ind1="0" ind2="0">
    <subfield code="a">Abū Tammām Ḥabīb ibn Aws al-Ṭāʼī,</subfield>
    <subfield code="d">active 808-842.</subfield>
  </datafield>
  <datafield tag="600" ind1="1" ind2="0">
    <subfield code="a">Buḥturī, al-Walīd ibn ʻUbayd,</subfield>
    <subfield code="d">approximately 821-897 or 898.</subfield>
  </datafield>
  <datafield tag="650" ind1=" " ind2="0">
    <subfield code="a">Arabic poetry</subfield>
    <subfield code="y">750-1258</subfield>
    <subfield code="x">History and criticism.</subfield>
  </datafield>
  <datafield tag="740" ind1="3" ind2=" ">
    <subfield code="a">al-Muwāzanah bayna Abī Tammām wa-al-Buḥturī.</subfield>
  </datafield>
  <datafield tag="955" ind1=" " ind2=" ">
    <subfield code="b">CU58866973</subfield>
    <subfield code="d">off,glx</subfield>
    <subfield code="e">893.79 Am51</subfield>
  </datafield>
</record>
</collection>